
@online{extension-api,
  author = {VS Code},
  title  = {Extension Api},
  url    = {https://code.visualstudio.com/api/extension-capabilities/overview}
}

@online{vscode-api-languages,
  author = {VS Code},
  title  = {vscode api languages},
  url    = {https://code.visualstudio.com/api/references/vscode-api#languages}
}

@online{activation-events,
  author = {VS Code},
  title  = {Activation Events},
  url    = {https://code.visualstudio.com/api/references/activation-events}
}

@online{contribution-points,
  author = {VS Code},
  title  = {Contribution Points},
  url    = {https://code.visualstudio.com/api/references/contribution-points}
}

@online{vs-code-api,
  author = {VS Code},
  title  = {VS Code API},
  url    = {https://code.visualstudio.com/api/references/vscode-api}
}

@online{intelliSense,
  author = {VS Code},
  title  = {IntelliSense},
  url    = {https://code.visualstudio.com/docs/editor/intellisense}
}

@online{lsp-specification,
  author = {Microsoft},
  title  = {Language Server Protocol Specification},
  url    = {https://microsoft.github.io/language-server-protocol/specifications/lsp/3.17/specification/}
}

@online{textmate-grammars,
  author = {Textmate},
  title  = {Textmate grammars},
  url    = {https://macromates.com/manual/en/language_grammars}
}

@online{scopes-selectors,
  author = {Textmate},
  title  = {Scope Selectors},
  url    = {https://macromates.com/manual/en/scope_selectors}
}

@online{antlr4ts,
  author = {antlr4ts},
  url    = {https://github.com/tunnelvisionlabs/antlr4ts}
}

@online{antlr4-c3,
  author = {antlr4-c3},
  url    = {https://github.com/mike-lischke/antlr4-c3}
}

@online{c3-example-soql,
  author = {Fernando Dobladez},
  url    = {https://neuroning.com/post/implementing-code-completion-for-vscode-with-antlr/}
}

@online{c3-example-tomassetti,
  author = {Alessio Stalla},
  url    = {https://tomassetti.me/code-completion-with-antlr4-c3/}
}

@online{antlr,
  author = {Terence Parr},
  url    = {https://www.antlr.org/about.html}
}

@online{antlr-mega-tutorial,
  author = {Gabriele Tomassetti},
  url    = {https://tomassetti.me/antlr-mega-tutorial/}
}

@online{adaptive-ll,
  author = {Terence Parr},
  url    = {https://www.antlr.org/papers/allstar-techreport.pdf}
}

@online{ll,
  author = {Wikipedia},
  url    = {https://fr.wikipedia.org/wiki/Analyse_LL}
}

@online{ANTLRErrorStrategy,
  author = {ANTLR},
  url    = {https://www.antlr.org/api/Java/org/antlr/v4/runtime/ANTLRErrorStrategy.html}
}

@online{antlrs-error-handling-strategy,
  author = {ANTLR},
  url    = {https://medium.com/pragmatic-programmers/altering-antlrs-error-handling-strategy-80ce7d046730}
}

@online{syntax-highlight-guide,
  author = {VS Code},
  url    = {https://code.visualstudio.com/api/language-extensions/syntax-highlight-guide}
}

@online{syntax-highlight-guide,
  author = {VS Code},
  url    = {https://code.visualstudio.com/api/language-extensions/syntax-highlight-guide}
}

@online{syntax-highlighting-editor,
  author = {Dirk BÃ¤umer},
  title  = {Syntax highlighting support},
  url    = {https://github.com/microsoft/language-server-protocol/issues/682}
}

@online{extension-anatomy,
  author = {VS Code},
  title  = {Extension Anatomy},
  url    = {https://code.visualstudio.com/api/get-started/extension-anatomy}
}

@online{word-based-completions,
  author = {VS Code},
  title  = {word based completions},
  url    = {https://code.visualstudio.com/docs/editor/intellisense#_intellisense-for-your-programming-language}
}

@online{testing-extension,
  author = {VS Code},
  title  = {testing-extension},
  url    = {https://code.visualstudio.com/api/working-with-extensions/testing-extension}
}

@online{cst,
  author = {Guy Coder},
  title  = {What is the difference between an Abstract Syntax Tree and a Concrete Syntax Tree?},
  url    = {https://stackoverflow.com/questions/1888854/what-is-the-difference-between-an-abstract-syntax-tree-and-a-concrete-syntax-tre}
}